75600000         211222333444455                    03231 0000000007340 BRUNO FERNANDES EVANGELISTA   BANCO COOPERATIVO DO BRASIL S/          10102201501020300000108100000                    REMESSA-PRODUCAO                                 
75600011R01  030 2011222333444455734                 03231 0000000007340 BRUNO FERNANDES EVANGELISTA                                                                                   000000010102201500000000                                 
7560001300001P 0103231 0000000007340          0000000001211 22123456         0508196900000000000010000000099N14012015105081969000000000000000000000000000000000000900000000000000000000000000000000123456                   3001030090000000000 
7560001300002Q 012000004788373564FERNANDO DUTRA NERES                    RUA EURICO GASPAR DUTRA, 273            CENTRO         45985106TEIXEIRA DE FREBA2011222333444455BRUNO FERNANDES EVANGELISTA                                            
7560001300003R 01000000000000000000000000000000000000000000000000000000000000000000000000                                                                                                                                                       
75600015         00000500000100000000000000100      000000000000000000000000000000000000000000000000000000000000000                                                                                                                             
75699999         000001000007                                                                                                                                                                                                                   
