75600000         100001409732657                    03231000000000073400BRUNO FERNANDES EVANGELISTA   SICOOB                                  20906201516414500000108500000                                                                     
75600011T01  043 1000001409732657          323100000903231000000000073400BRUNO FERNANDES EVANGELISTA                                                                                   000000000906201500000000                                 
7560001300001T 0603231000000000073400000000301501013     1123456         05062015000000000000100756032310                         091000004788373564FERNANDO DUTRA NERES                    00000000000000000000004000000000004                 
7560001300002U 060000000000000000000000000000000000000000000000000000000000000000000000001000000000000001000000000000000000000000000000000306201503062015    00000000000000000000000                              7560                          
75600015         00000400000000000000000000000000000000000000000000000000000000000000000000000000000000000000000000                                                                                                                             
75699999         000001000006000000                                                                                                                                                                                                             
